3018 4918
551 459 870 546 ἰιι1

227 562 391 671 raediiim
413 555 610 690 narcisci
636 571 845 699 a'leg‘endis
876 570 1118 699 scriptoribus
1144 607 1207 672 aot
1233 611 1286 672 est
1303 597 1412 670 obsti-

226 718 404 806 nendum,
423 735 485 794 out
503 721 634 808 minos,
650 747 762 821 quam
774 721 894 812 decer,
905 737 1126 824 praeparato
1144 721 1412 798 accedendum.

373 847 481 919 Prior
516 848 614 920 enirn
648 845 710 918 ille
736 841 905 922 discendi
930 845 1065 922 modus
1100 850 1345 950 quantumin
1372 873 1411 920 se

226 966 359 1042 lrabeat
390 969 577 1045 molestiae
608 982 644 1040 et
670 995 783 1070 quam
814 993 950 1071 pqr-uro
984 972 1180 1045 conveniat
1205 973 1244 1044 in
1268 968 1413 1044 Acade·

226 1094 309 1166 miis
349 1100 484 1172 nostris
523 1093 755 1172 adhibendae
787 1093 949 1172 docendi
985 1097 1137 1184 rationi,
1187 1119 1296 1170 nemo
1334 1119 1412 1167 non

225 1217 338 1294 ridet.
389 1223 474 1296 Huc
498 1216 659 1308 accedit,
686 1232 728 1294 ut
752 1217 892 1294 studiis
907 1215 1031 1310 haee,
1052 1241 1285 1328 quorum
1240 1233 1319 1290 tmn
1345 1221 1416 1292 uti·

227 1347 367 1420 litatem
406 1361 486 1420 tum
525 1321 803 1420 difficultatem
795 1345 955 1447 pauci·
952 1356 1108 1417 tantum
1146 1343 1415 1445 praesentiant,

227 1495 350 1572 neque
375 1472 440 1546 otii
466 1493 588 1570 nsque
614 1467 751 1542 laboris
777 1469 873 1544 satis
888 1465 1125 1542 concedatur.
1193 1465 1299 1540 Alter
1324 1493 1415 1542 vero

230 1590 412 1666 discendi
422 1587 570 1681 morlu‘u
562 1579 727 1719 quum:
720 1591 799 1682 ιιι
808 1587 962 1689 docenti
989 1593 1056 1668 vel
1073 1591 1228 1666 discenti
1256 1592 1416 1664 multum

231 1718 338 1790 aliert
369 1686 576 1809 nroleslits',
621 1727 701 1792 tum
720 1715 791 1791 i'd
804 1705 1030 1791 incommodi
1068 1712 1148 1804 dat,
1179 1714 1284 1816 quod
1318 1714 1417 1788 illius

229 1845 378 1941 linguae
403 1814 733 1933 studiosarum&
723 1811 865 1942 pislis
856 1828 1104 1924 {demamus
1100 1843 1204 1940 quasi
1228 1865 1311 1914 oras
1329 1840 1419 1913 levi·

229 1980 286 2038 ter
319 1981 463 2042 tautum
499 1981 780 2071 praetervectus
797 1961 877 2060 sits
905 1983 965 2036 cas
1000 1959 1125 2036 denuo
1155 1965 1336 2052 revisens,
1373 1975 1418 2033 ut

231 2109 360 2166 aarum
376 2095 524 2192 'effigies
548 2085 761 2166 'memoriae
779 2087 942 2162 ·talsulae
974 2099 1012 2161 et
1049 2087 1257 2166 accuratius
1288 2099 1325 2159 et
1358 2084 1419 2158 lir-

231 2219 330 2291 mius
355 2219 557 2330 imprimat,
590 2227 735 2337 postea*
731 2211 991 2303 laboraverit,
1026 2211 1217 2288 doetrinae
1241 2209 1421 2286 solidiora

233 2325 476 2414 standamento
502 2355 646 2416 careus·
656 2342 715 2414 in
721 2339 881 2451 minimis
907 2333 1090 2478 alienant,
1124 2336 1162 2410 in
1179 2333 1313 2410 multis
1339 2360 1419 2434 gra

232 2463 344 2536 aiter
340 2463 576 2538 ·wlaboiur
715 2469 717 2478 ’
1056 2479 1058 2486 ”

351 2587 471 2663 (lui
483 2603 524 2664 ut
548 2587 718 2662 mederer
735 2581 1149 2689 dupliciincommodo,
1181 2580 1297 2655 multo
1319 2607 1340 2652 a
1360 2605 1419 2652 me

237 2693 705 2814 iscriplombus'collecta
731 2709 942 2787 ‘formarum
976 2711 1142 2810 exemplu
1180 2711 1218 2783 in
1251 2709 1420 2784 ordinem

238 2837 494 2936 grammaticae
504 2834 802 2910 accomodatum·
811 2835 955 2936 redegi,
984 2853 1034 2925 ut,
1060 2839 1089 2909 si
1108 2839 1203 2936 quis,
1221 2837 1419 2912 memoriae

239 2963 336 3034 inter
355 2961 554 3062 legendum
587 2959 749 3062 singulas
780 2963 1037 3060 grammaticae
1062 2961 1208 3062 regulas
1237 2960 1420 3036 mandans

238 3084 297 3156 via
322 3064 549 3188 praescripta¹
575 3085 752 3186 paulatim
775 3109 991 3188 progressus
1017 3093 1129 3174 es'sei',
1160 3085 1265 3162 brevi
1292 3085 1340 3160 ad
1369 3089 1421 3160 in-

237 3207 457 3309 telligendos
497 3213 692 3310 scriptores
729 3211 824 3284 scitu
856 3211 1013 3284 maximo
1044 3210 1266 3284 necessarias
1305 3235 1422 3310 gram-

156 3389 158 3392 -
237 3335 390 3408 motione
416 3343 537 3434 partes
562 3335 684 3406 auimo
709 3341 861 3406 teneret·
949 3325 955 3332 ’

324 3517 329 3528 .
387 3459 553 3532 Primum
579 3471 630 3549 ut,
656 3481 750 3558 quae
775 3467 895 3530 essent
920 3456 1178 3556 grammaticae
1203 3469 1349 3556 partes,
1381 3461 1425 3529 ti-

240 3602 349 3652 rones
375 3593 665 3681 cognoscerent,
682 3579 902 3669 verborum,
928 3581 1120 3655 nominum
1144 3580 1426 3680 particularum-

242 3727 316 3804 que
348 3704 514 3804 exempla
547 3705 743 3806 proposui,
770 3701 819 3777 ad
852 3726 949 3804 quae
973 3701 1249 3804 interpretanda
1276 3703 1329 3776 nil
1354 3707 1423 3777 nisi

244 3826 551 3916 declinationum,
590 3849 684 3928 'quas
731 3826 919 3932 appellant
953 3828 1179 3928 grammatici
1219 3825 1424 3926 regulares,

243 3967 353 4052 atque
379 3957 642 4053 pronominum
666 3957 769 4029 notio
794 3953 1021 4052 requiritur,
1046 3953 1267 4052 quac'enim
1292 3948 1431 4020 verlro..¹

217 4055 327 4155 'rum
360 4095 476 4180 quum
512 4076 791 4154 transitirorum
825 4093 905 4152 tum
942 4075 1260 4152 intransiti‘aorur'tr
1283 4089 1428 4148 ¹oecur-
